@book{Murphy2012,
author = {Kevin P Murphy},
title = {Machine learning: a probabilistic perspective},
publisher = {The MIT Press},
year = {2012},
address = {Cambridge, MA},
edition = {3},
isbn = {9780262018029}
}

@techreport{Smith2016,
address = {Oxford, UK},
annote = {This is helpful to understand the UK Biobank data},
author = {Smith, Stephen and Almagro, Fidel Alfaro and Miller, Karla},
file = {:Users/anavarro/Documents/brain{\_}mri.pdf:pdf},
institution = {University of Oxford},
number = {January},
pages = {1--31},
title = {{UK Biobank Imaging Documentation}},
url = {data /vols/Data/HCP/BBUK/workspace3b.mat script /home/fs0/steve/BB{\_}README},
year = {2016}
}
